<record><leader>00000cas a2200000 a 4500</leader><controlfield tag="001">1728160</controlfield><controlfield tag="008">751023d18311865mauwr ne      0    0eng c</controlfield><datafield ind1=" " ind2=" " tag="010"><subfield code="a">sn 84031524 </subfield></datafield><datafield ind1=" " ind2=" " tag="040"><subfield code="a">DRB</subfield><subfield code="b">eng</subfield><subfield code="c">DRB</subfield><subfield code="d">BTI</subfield><subfield code="d">NYG</subfield><subfield code="d">DLC</subfield><subfield code="d">NPA</subfield><subfield code="d">MSJ</subfield><subfield code="d">NJW</subfield><subfield code="d">MFN</subfield><subfield code="d">NVH</subfield><subfield code="d">ONP</subfield><subfield code="d">MGN</subfield><subfield code="d">KNP</subfield><subfield code="d">MGN</subfield><subfield code="d">NST</subfield><subfield code="d">CNW</subfield><subfield code="d">CNK</subfield><subfield code="d">DLC</subfield><subfield code="d">NVK</subfield><subfield code="d">FUG</subfield><subfield code="d">NVK</subfield><subfield code="d">NVF</subfield><subfield code="d">OCL</subfield><subfield code="d">NVF</subfield><subfield code="d">IUL</subfield><subfield code="d">NYS</subfield><subfield code="d">OCLCQ</subfield><subfield code="d">DLC</subfield><subfield code="d">OCLCG</subfield><subfield code="d">GUA</subfield><subfield code="d">CUI</subfield><subfield code="d">UKMGB</subfield><subfield code="d">OCLCQ</subfield><subfield code="d">OCLCF</subfield><subfield code="d">OCLCO</subfield></datafield><datafield ind1=" " ind2=" " tag="012"><subfield code="i">9403</subfield></datafield><datafield ind1="7" ind2=" " tag="016"><subfield code="a">004147151</subfield><subfield code="2">Uk</subfield></datafield><datafield ind1="7" ind2=" " tag="016"><subfield code="a">013915007</subfield><subfield code="2">Uk</subfield></datafield><datafield ind1="1" ind2=" " tag="029"><subfield code="a">AU@</subfield><subfield code="b">000003808629</subfield></datafield><datafield ind1=" " ind2=" " tag="042"><subfield code="a">pcc</subfield></datafield><datafield ind1=" " ind2=" " tag="043"><subfield code="a">n-us-ma</subfield><subfield code="a">n-us---</subfield></datafield><datafield ind1="0" ind2="0" tag="050"><subfield code="a">Newspaper</subfield></datafield><datafield ind1=" " ind2="4" tag="050"><subfield code="a">E449</subfield><subfield code="b">.L678</subfield></datafield><datafield ind1="0" ind2=" " tag="130"><subfield code="a">Liberator (Boston, Mass. : 1831)</subfield></datafield><datafield ind1="1" ind2="4" tag="245"><subfield code="a">The liberator.</subfield></datafield><datafield ind1="1" ind2="7" tag="246"><subfield code="a">Journal of the times</subfield></datafield><datafield ind1=" " ind2=" " tag="260"><subfield code="a">Boston, Mass. :</subfield><subfield code="b">William Lloyd Garrison and Isaac Knapp,</subfield><subfield code="c">1831-1865.</subfield></datafield><datafield ind1=" " ind2=" " tag="300"><subfield code="a">v. ;</subfield><subfield code="c">63 cm.</subfield></datafield><datafield ind1=" " ind2=" " tag="310"><subfield code="a">Weekly</subfield></datafield><datafield ind1="0" ind2=" " tag="362"><subfield code="a">Vol. 1, no. 1 (Jan. 1, 1831)-v. 35, no. 52 (Dec. 29, 1865).</subfield></datafield><datafield ind1=" " ind2=" " tag="500"><subfield code="a">"Our Country is the World - Our Countrymen are Mankind."</subfield></datafield><datafield ind1=" " ind2=" " tag="500"><subfield code="a">"No union with slaveholders."</subfield></datafield><datafield ind1=" " ind2=" " tag="500"><subfield code="a">"Published at the Anti-Slavery Office, Robert F. Wallcut, General Agent" &lt;1860&gt;</subfield></datafield><datafield ind1=" " ind2=" " tag="500"><subfield code="a">J. Brown Yerrington, Printer &lt;1845-&gt;</subfield></datafield><datafield ind1=" " ind2=" " tag="515"><subfield code="a">Issue for &lt;Dec. 29, 1865&gt; called also &lt;whole no. 1803&gt;.</subfield></datafield><datafield ind1=" " ind2=" " tag="530"><subfield code="a">Available on microfilm from UMI as part of the American Periodical Series, 1800-1850, the New York Public Library-3M, and the Library of Congress, Photoduplication Service; also available online.</subfield></datafield><datafield ind1=" " ind2="0" tag="650"><subfield code="a">Antislavery movements</subfield><subfield code="z">United States</subfield><subfield code="v">Newspapers.</subfield></datafield><datafield ind1=" " ind2="0" tag="651"><subfield code="a">Boston (Mass.)</subfield><subfield code="v">Newspapers.</subfield></datafield><datafield ind1=" " ind2="0" tag="651"><subfield code="a">Suffolk County (Mass.)</subfield><subfield code="v">Newspapers.</subfield></datafield><datafield ind1=" " ind2="7" tag="655"><subfield code="a">Newspapers.</subfield><subfield code="2">fast</subfield><subfield code="0">(OCoLC)fst01423814</subfield></datafield><datafield ind1=" " ind2="7" tag="650"><subfield code="a">Antislavery movements.</subfield><subfield code="2">fast</subfield><subfield code="0">(OCoLC)fst00810800</subfield></datafield><datafield ind1=" " ind2="7" tag="651"><subfield code="a">Massachusetts</subfield><subfield code="z">Boston.</subfield><subfield code="2">fast</subfield><subfield code="0">(OCoLC)fst01205012</subfield></datafield><datafield ind1=" " ind2="7" tag="651"><subfield code="a">Massachusetts</subfield><subfield code="z">Suffolk County.</subfield><subfield code="2">fast</subfield><subfield code="0">(OCoLC)fst01206189</subfield></datafield><datafield ind1=" " ind2="7" tag="651"><subfield code="a">United States.</subfield><subfield code="2">fast</subfield><subfield code="0">(OCoLC)fst01204155</subfield></datafield><datafield ind1="1" ind2=" " tag="700"><subfield code="a">Garrison, William Lloyd,</subfield><subfield code="d">1805-1879.</subfield></datafield><datafield ind1="1" ind2=" " tag="700"><subfield code="a">Yerrington, James Brown,</subfield><subfield code="d">1800-1866.</subfield></datafield><datafield ind1=" " ind2=" " tag="752"><subfield code="a">United States</subfield><subfield code="b">Massachusetts</subfield><subfield code="c">Suffolk</subfield><subfield code="d">Boston.</subfield></datafield><datafield ind1="1" ind2=" " tag="776"><subfield code="t">Liberator (Boston, Mass. : 1831)</subfield><subfield code="c">(Microfilm)</subfield><subfield code="w">(DLC)sf 87092542</subfield><subfield code="w">(OCoLC)1606134</subfield></datafield><datafield ind1="1" ind2=" " tag="776"><subfield code="t">Liberator (Boston, Mass. : 1831 : Online)</subfield><subfield code="w">(DLC)  2009233165</subfield><subfield code="w">(OCoLC)51006180</subfield></datafield><datafield ind1="1" ind2=" " tag="776"><subfield code="t">Liberator (Boston, Mass. : 1831 : Online)</subfield><subfield code="w">(OCoLC)192107370</subfield></datafield><datafield ind1=" " ind2=" " tag="850"><subfield code="a">PU</subfield></datafield><datafield ind1="4" ind2=" " tag="856"><subfield code="u">http://gale.cengage.com/usnewspapers/</subfield><subfield code="z">Available to subscribing institutions</subfield></datafield><datafield ind1="4" ind2="1" tag="856"><subfield code="u">http://proquest.umi.com/pqdweb?RQT=318&amp;VName=HNP&amp;pmid=000041654&amp;PageNum=1&amp;TS=1234190233&amp;clientId=30345</subfield></datafield></record>